<?xml version="1.0" encoding="UTF-8"?><collection xmlns="http://www.loc.gov/MARC21/slim"><record><leader>00446nam--2200121-i-4500</leader><controlfield tag="001">000009981</controlfield><controlfield tag="002">20161230</controlfield><controlfield tag="005">20161230201028</controlfield><controlfield tag="008">060222s1000------------r-----000-0-eng-d</controlfield><datafield ind1=" " ind2=" " tag="080"><subfield code="a">614.976:577.3</subfield></datafield><datafield ind1=" " ind2=" " tag="245"><subfield code="a">Basic mechanisms in radiation biology and medicine. proceedings of a symposium held at all india institute of medical sciences, new delhi, february 11-13, 1971</subfield></datafield><datafield ind1=" " ind2=" " tag="260"><subfield code="a">Bombay, Department Of Atomic Energy, 1971 Xv + 719 P</subfield></datafield><datafield ind1=" " ind2=" " tag="852"><subfield code="a">36150</subfield></datafield></record></collection>